@book{jahne-digital,
    title={{Digital Image Processing}},
    author={J\"ahne, Bernd},
    year = {2005},
    publisher={Springer-Verlag, Berlin, Heidelberg}
}
@misc{nonlindiff,
    title = {{Nonlinear Diffusion in Computer Vision}},
    author={Boomgaard, Rein van den},
    url = {http://staff.science.uva.nl/~rein/nldiffusionweb/material.html},
}
