@book{jahne-digital,
    title={{Digital Image Processing}},
    author={J\"ahne, Bernd},
    year = {2005},
    publisher={Springer-Verlag, Berlin, Heidelberg}
}
